% OUR ACTUAL CITATIONS BEGIN HERE
@INPROCEEDINGS{osmanDistributions2013,
  author={Osman, Niemah I. and El-Gorashi, Taisir and Elmirghani, Jaafar M. H.},
  booktitle={2013 15th International Conference on Transparent Optical Networks (ICTON)}, 
  title={The impact of content popularity distribution on energy efficient caching}, 
  year={2013},
  volume={},
  number={},
  pages={1-6},
  doi={10.1109/ICTON.2013.6602957}}


@INPROCEEDINGS{biancoCDNs2017,
  author={Bianco, Andrea and Mashayekhi, Reza and Meo, Michela},
  booktitle={2016 IEEE International Conference on Communications (ICC)}, 
  title={Energy consumption for data distribution in content delivery networks}, 
  year={2016},
  volume={},
  number={},
  pages={1-6},
  doi={10.1109/ICC.2016.7511356}}

@INPROCEEDINGS{749260,
  author={Breslau, L. and Pei Cao and Li Fan and Phillips, G. and Shenker, S.},
  booktitle={IEEE INFOCOM '99. Conference on Computer Communications. Proceedings. Eighteenth Annual Joint Conference of the IEEE Computer and Communications Societies. The Future is Now (Cat. No.99CH36320)}, 
  title={Web caching and Zipf-like distributions: evidence and implications}, 
  year={1999},
  volume={1},
  number={},
  pages={126-134 vol.1},
  doi={10.1109/INFCOM.1999.749260}}


@inproceedings{ulIslam2012,
	address = {Berlin, Heidelberg},
	author = {ul Islam, Saif and Pierson, Jean-Marc},
	booktitle = {ICT as Key Technology against Global Warming},
	editor = {Auweter, Axel and Kranzlm{\"u}ller, Dieter and Tahamtan, Amirreza and Tjoa, A. Min},
	pages = {64--78},
	publisher = {Springer Berlin Heidelberg},
	title = {Evaluating Energy Consumption in CDN Servers},
	year = {2012}}

@phdthesis{osmanthesis,
  title={Energy Efficiency in Content Delivery Networks},
  author={Niemah Izzeldin Osman},
  school={The University of Leeds School of Electronic and Electrical Engineering},
  year={2014}
}

@article{cdnsim,
author = {Stamos, Konstantinos and Pallis, George and Vakali, Athena and Katsaros, Dimitrios and Sidiropoulos, Antonis and Manolopoulos, Yannis},
year = {2010},
month = {01},
pages = {},
title = {CDNsim: A simulation tool for content distribution networks},
volume = {20},
journal = {ACM Trans. Model. Comput. Simul.}
}

@ARTICLE{cachingReplicationAnalysis,
  author={Sivasubramanian, Swaminathan and Pierre, Guillaume and van Steen, Maarten and Alonso, Gustavo},
  journal={IEEE Internet Computing}, 
  title={Analysis of Caching and Replication Strategies for Web Applications}, 
  year={2007},
  volume={11},
  number={1},
  pages={60-66},
  doi={10.1109/MIC.2007.3}}

@INPROCEEDINGS{guan2011,
  author={Guan, Kyle and Atkinson, Gary and Kilper, Daniel C. and Gulsen, Ece},
  booktitle={2011 IEEE International Conference on Communications Workshops (ICC)}, 
  title={On the Energy Efficiency of Content Delivery Architectures}, 
  year={2011},
  volume={},
  number={},
  pages={1-6},
  doi={10.1109/iccw.2011.5963557}}


 @misc{spotifyUploads, title={The ledger: Are there really 100,000 new songs uploaded a day? maybe more.}, url={https://www.billboard.com/pro/how-much-music-added-spotify-streaming-services-daily/}, journal={Billboard}, author={Peoples, Glenn}, year={2023}} 

  @misc{headphonesaddict_2023, title={30+ people listening to Music Statistics &amp; Trends (2023)}, url={https://headphonesaddict.com/listening-to-music-statistics/#:~:text=Spotify\%20users\%2C\%20on\%20average\%2C\%20spend,users\%20access\%20the\%20app\%20daily.}, journal={HeadphonesAddict}, author={HeadphonesAddict}, year={2023}}

  
@incollection{BudhirajaNavinPPLB,
	address = {Vienna},
	author = {Budhiraja, Navin and Marzullo, Keith and Schneider, Fred B. and Toueg, Sam},
	booktitle = {Dependable Computing for Critical Applications 3},
	pages = {321--343},
	publisher = {Springer Vienna},
	series = {Dependable Computing and Fault-Tolerant Systems},
	title = {Primary-Backup Protocols: Lower Bounds and Optimal Implementations}}
